<?xml version="1.0" encoding="utf-8"?>
<record xmlns="http://www.loc.gov/MARC21/slim" xmlns:xsi="http://www.w3.org/2001/XMLSchema-instance" xsi:schemaLocation="http://www.loc.gov/MARC21/slim http://www.loc.gov/standards/marcxml/schema/MARC21slim.xsd">
	<leader>     nam a22        4500</leader>
	<controlfield tag="001">000371996</controlfield>
	<controlfield tag="003">NNU</controlfield>
	<controlfield tag="006">m        d        </controlfield>
	<controlfield tag="007">cr cn |||m|||a</controlfield>
	<controlfield tag="008">150714s1926    ua a    o     000 0 ara d</controlfield>
	<datafield ind1=" " ind2=" " tag="010">
		<subfield code="z">   74212761</subfield>
	</datafield>
	<datafield ind1=" " ind2=" " tag="040">
		<subfield code="a">NNU</subfield>
		<subfield code="b">eng</subfield>
		<subfield code="c">NNU</subfield>
	</datafield>
	<datafield ind1=" " ind2=" " tag="043">
		<subfield code="a">a-sy---</subfield>
	</datafield>
	<datafield ind1=" " ind2="4" tag="050">
		<subfield code="a">DS99.H3</subfield>
		<subfield code="b">A24 1926</subfield>
	</datafield>
	<datafield ind1="1" ind2=" " tag="100">
		<subfield code="6">880-01</subfield>
		<subfield code="a">Abī Rāshid, Ḥannā.</subfield>
	</datafield>
	<datafield ind1="1" ind2="0" tag="245">
		<subfield code="6">880-02</subfield>
		<subfield code="a">Ḥawrān al-dāmiyah</subfield>
		<subfield code="h">[electronic resource] :</subfield>
		<subfield code="b">baḥth ʻām fī tārīkh shuʻūbihā wa-nasabihim wa-ʻādātihim wa-iʻtiqādātihim wa-āthārihim wa-ḥurūbihim wa-nawābighihim al-nāziḥīn ʻanhā ... ; wa-fīhā tatimmat al-baḥth ʻan thawrat Jabal al-Durūz ... /</subfield>
		<subfield code="c">bbi-qalam Ḥannā Abī Rāshid.</subfield>
	</datafield>
	<datafield ind1=" " ind2=" " tag="250">
		<subfield code="6">880-03</subfield>
		<subfield code="a">al-Ṭabʻah 1.</subfield>
	</datafield>
	<datafield ind1=" " ind2=" " tag="260">
		<subfield code="6">880-04</subfield>
		<subfield code="a">Miṣr :</subfield>
		<subfield code="b">Maktabat Zaydān al-ʻUmūmīyah,</subfield>
		<subfield code="c">1926.</subfield>
	</datafield>
	<datafield ind1=" " ind2=" " tag="300">
		<subfield code="a">online resource (28, 322 p.) :</subfield>
		<subfield code="b">ill.</subfield>
	</datafield>
	<datafield ind1="1" ind2=" " tag="490">
		<subfield code="6">880-05</subfield>
		<subfield code="a">al-Riḥlah al-sharqīyah al-ʻāmmah ;</subfield>
		<subfield code="v">al-ḥalqah 2</subfield>
	</datafield>
	<datafield ind1=" " ind2=" " tag="500">
		<subfield code="a">Continuation of Jabal al-Durūz.</subfield>
	</datafield>
	<datafield ind1=" " ind2=" " tag="500">
		<subfield code="a">Part of the Arabic Collections Online (ACO) project, contributed by New York Univeristy Libraries.</subfield>
	</datafield>
	<datafield ind1=" " ind2=" " tag="533">
		<subfield code="a">Electronic reproduction.</subfield>
		<subfield code="b">New York, N.Y. :</subfield>
		<subfield code="c">New York University,</subfield>
		<subfield code="d">2015.</subfield>
		<subfield code="5">NNU</subfield>
	</datafield>
	<datafield ind1=" " ind2="0" tag="651">
		<subfield code="a">Hauran (Syria)</subfield>
	</datafield>
	<datafield ind1=" " ind2="0" tag="650">
		<subfield code="a">Druzes</subfield>
		<subfield code="x">History.</subfield>
	</datafield>
	<datafield ind1=" " ind2="7" tag="650">
		<subfield code="a">Druzes.</subfield>
		<subfield code="2">fast</subfield>
		<subfield code="0">(OCoLC)fst00899110</subfield>
	</datafield>
	<datafield ind1=" " ind2="7" tag="651">
		<subfield code="a">Syria</subfield>
		<subfield code="z">Hauran.</subfield>
		<subfield code="2">fast</subfield>
		<subfield code="0">(OCoLC)fst01245625</subfield>
	</datafield>
	<datafield ind1=" " ind2="7" tag="655">
		<subfield code="a">History.</subfield>
		<subfield code="2">fast</subfield>
		<subfield code="0">(OCoLC)fst01411628</subfield>
	</datafield>
	<datafield ind1="2" ind2=" " tag="710">
		<subfield code="a">New York University.</subfield>
		<subfield code="b">Libraries.</subfield>
	</datafield>
	<datafield ind1="0" ind2=" " tag="730">
		<subfield code="a">Arabic Collections Online.</subfield>
	</datafield>
	<datafield ind1="0" ind2="8" tag="776">
		<subfield code="i">Print version:</subfield>
		<subfield code="a">Abī Rāshid, Ḥannā.</subfield>
		<subfield code="t">Ḥawrān al-dāmiyah</subfield>
		<subfield code="w">(NNU)000371996</subfield>
	</datafield>
	<datafield ind1="4" ind2="0" tag="856">
		<subfield code="u">http://hdl.handle.net/2333.1/7d7wm5s2</subfield>
	</datafield>
	<datafield ind1="1" ind2=" " tag="880">
		<subfield code="6">100-01/</subfield>
		<subfield code="a">ابى راشد، حنا.</subfield>
	</datafield>
	<datafield ind1="1" ind2="0" tag="880">
		<subfield code="6">245-02/</subfield>
		<subfield code="a">حوران الدامية :</subfield>
		<subfield code="b">بحث عام في تاريخ شعوبها ونسبهم وعاداتهم واعتقاداتهم وآثارهم وحروبهم ونوابغهم النازحين عنها ... ؛ وفيها تتمة البحث عن ثورة جبل الدروز ... /</subfield>
		<subfield code="c">بقلم حنا ابي راشد.</subfield>
	</datafield>
	<datafield ind1=" " ind2=" " tag="880">
		<subfield code="6">250-03/</subfield>
		<subfield code="a">الطبعه ١.</subfield>
	</datafield>
	<datafield ind1=" " ind2=" " tag="880">
		<subfield code="6">260-04/</subfield>
		<subfield code="a">مصر :</subfield>
		<subfield code="b">مكتبة زيدان العموميد،</subfield>
		<subfield code="c">١٩٢٦.</subfield>
	</datafield>
	<datafield ind1="1" ind2=" " tag="880">
		<subfield code="6">490-05/</subfield>
		<subfield code="a">الرحلة الشرقية العامة ؛</subfield>
		<subfield code="v">الحلقة 2</subfield>
	</datafield>
	<datafield ind1="1" ind2=" " tag="800">
		<subfield code="6">880-06</subfield>
		<subfield code="a">Abī Rāshid, Ḥannā.</subfield>
		<subfield code="t">al-Riḥlah al-sharqīyah al-ʻāmmah ;</subfield>
		<subfield code="v">al-ḥalqah 2.</subfield>
	</datafield>
	<datafield ind1="1" ind2=" " tag="880">
		<subfield code="6">800-06/</subfield>
		<subfield code="a">ابي راشد، حنا.</subfield>
		<subfield code="t">الرحلة الشرقية العامة ؛</subfield>
		<subfield code="v">الحلقة 2.</subfield>
	</datafield>
	<datafield ind1=" " ind2=" " tag="959">
		<subfield code="a">NNU</subfield>
		<subfield code="b">WEB</subfield>
		<subfield code="c">GENI</subfield>
		<subfield code="t">0</subfield>
		<subfield code="m">Electronic access</subfield>
		<subfield code="s">01</subfield>
	</datafield>
	<datafield ind1=" " ind2=" " tag="999">
		<subfield code="i">NNU_000371996</subfield>
		<subfield code="s">nyu_aco001355</subfield>
	</datafield>
</record>
